<record><leader>00000cas a22000007a 4500</leader><controlfield tag="001">17899680</controlfield><controlfield tag="008">880505d19361981lauwr ne      0    0eng d</controlfield><datafield ind1=" " ind2=" " tag="010"><subfield code="a">sn 88064394 </subfield></datafield><datafield ind1=" " ind2=" " tag="040"><subfield code="a">LNP</subfield><subfield code="b">eng</subfield><subfield code="c">LNP</subfield><subfield code="d">OCLCQ</subfield><subfield code="d">OCLCF</subfield><subfield code="d">OCLCO</subfield></datafield><datafield ind1="1" ind2=" " tag="029"><subfield code="a">AU@</subfield><subfield code="b">000020520242</subfield></datafield><datafield ind1=" " ind2=" " tag="042"><subfield code="a">msc</subfield></datafield><datafield ind1=" " ind2=" " tag="043"><subfield code="a">n-us-la</subfield></datafield><datafield ind1="0" ind2=" " tag="130"><subfield code="a">Iberville south (Plaquemine, La. : 1936)</subfield></datafield><datafield ind1="1" ind2="4" tag="245"><subfield code="a">The Iberville south.</subfield></datafield><datafield ind1="1" ind2="7" tag="246"><subfield code="a">Weekly Iberville south</subfield><subfield code="g">Aug. 21, 1936</subfield></datafield><datafield ind1=" " ind2=" " tag="260"><subfield code="a">Plaquemine, La. :</subfield><subfield code="b">South Pub. Co.</subfield></datafield><datafield ind1=" " ind2=" " tag="310"><subfield code="a">Weekly</subfield></datafield><datafield ind1="0" ind2=" " tag="362"><subfield code="a">Vol. 63, no. 44 (Aug. 21, 1936)-v. 116, no. 50 (Oct. 20, 1981).</subfield></datafield><datafield ind1=" " ind2="0" tag="651"><subfield code="a">Plaquemine (La.)</subfield><subfield code="v">Newspapers.</subfield></datafield><datafield ind1=" " ind2="7" tag="655"><subfield code="a">Newspapers.</subfield><subfield code="2">fast</subfield><subfield code="0">(OCoLC)fst01423814</subfield></datafield><datafield ind1=" " ind2="7" tag="651"><subfield code="a">Louisiana</subfield><subfield code="z">Plaquemine.</subfield><subfield code="2">fast</subfield><subfield code="0">(OCoLC)fst01219282</subfield></datafield><datafield ind1=" " ind2=" " tag="752"><subfield code="a">United States</subfield><subfield code="b">Louisiana</subfield><subfield code="c">Iberville</subfield><subfield code="d">Plaquemine.</subfield></datafield><datafield ind1="0" ind2="0" tag="780"><subfield code="t">Weekly Iberville south (Plaquemine, La. : 1881)</subfield><subfield code="w">(DLC)sn 88064393</subfield></datafield><datafield ind1="0" ind2="7" tag="785"><subfield code="t">Greater Plaquemine post</subfield><subfield code="w">(DLC)sn 88064395</subfield></datafield><datafield ind1="0" ind2="7" tag="785"><subfield code="t">Plaquemine post Iberville south</subfield><subfield code="w">(DLC)sn 88064396</subfield></datafield></record>